<?xml version="1.0" encoding="UTF-8"?><collection xmlns="http://www.loc.gov/MARC21/slim"><record><leader>00540nam--2200169-i-4500</leader><controlfield tag="001">000046857</controlfield><controlfield tag="002">20161230</controlfield><controlfield tag="005">20161230201046</controlfield><controlfield tag="008">060222s1000------------r-----000-0-eng-d</controlfield><datafield ind1=" " ind2=" " tag="040"><subfield code="a">IFIN-HH</subfield></datafield><datafield ind1=" " ind2=" " tag="080"><subfield code="a">539.12.162.8</subfield></datafield><datafield ind1="1" ind2=" " tag="100"><subfield code="a">Walck, Christian</subfield></datafield><datafield ind1="1" ind2="0" tag="245"><subfield code="a">Study of target fragmentation, production of delta-pairs and searches for new particle states in antiproton-proton reactions</subfield><subfield code="b">Dissertation</subfield><subfield code="c">Christian walck</subfield></datafield><datafield ind1=" " ind2=" " tag="260"><subfield code="a">Stockholm</subfield><subfield code="b">Univeristat</subfield><subfield code="c">1978</subfield></datafield><datafield ind1=" " ind2=" " tag="300"><subfield code="a">46P</subfield></datafield><datafield ind1=" " ind2=" " tag="852"><subfield code="a">49062</subfield><subfield code="c">539.12</subfield></datafield><datafield ind1=" " ind2=" " tag="CAT"><subfield code="a">Sys</subfield><subfield code="c">20111207</subfield><subfield code="h">162838</subfield></datafield></record></collection>